@book{iavulga,
	title = {Intelligence artificielle vulgarisée: le Machine Learning et le Deep Learning par la pratique},
	isbn = {978-2-409-02073-5},
	shorttitle = {Intelligence artificielle vulgarisée},
	author = {Vannieuwenhuyze, Aurélien},
	date = {2019},
	note = {{OCLC}: 1127535504},
}

@software{hugel_cityengine-twitter_2014,
	title = {{CityEngine}-Twitter},
	rights = {Open Access},
	url = {https://zenodo.org/record/9795},
	version = {v1.0},
	publisher = {Zenodo},
	author = {Hügel, Stephan and Roumpani, Flora},
	urldate = {2020-12-28},
	date = {2014-05-14},
	doi = {10.5281/ZENODO.9795},
	keywords = {twitter, data visualisation, London, python, urban modelling, urban simulation},
}

@online{opendataeu,
	title = {What is open data?},
	url = {https://www.europeandataportal.eu/elearning/en/module1/#/id/co-01},
	urldate = {2020-12-28},
	file = {What is open data?:C\:\\Users\\vinc\\Zotero\\storage\\GMQNN3EZ\\module1.html:text/html},
}

@online{idfmobi,
	title= {Portail Open data Île-de-France Mobilités},
	url={https://data.iledefrance-mobilites.fr/pages/home/},
	urldate={2021-01-17}
}

@online{ign,
	title= {Géoservices | Accéder au téléchargement des données libres IGN},
	url={https://geoservices.ign.fr/documentation/diffusion/telechargement-donnees-libres.html},
	urldate={2020-09-15}
}

@online{ademe,
	title= {Portail open data de l'ADEME},
	url={https://data.ademe.fr/},
	urldate={2021-01-17}
}


@online{etalab,
	title = {Etalab - Qui sommes-nous},
	url = {https://www.etalab.gouv.fr/qui-sommes-nous},
	abstract = {Etalab est un département de la direction interministérielle du numérique ({DINUM}), dont les missions et l’organisation sont fixées par le décret du 30 Octobre 2019. Il coordonne notamment la conception et la mise en œuvre de la stratégie de l’État dans le domaine de la donnée.  Etalab est dirigé par Mme Laure Lucchesi (voir l’équipe). Ouverture … Qui sommes-nous Lire la suite »},
	titleaddon = {Le blog d’Etalab},
	urldate = {2021-01-17},
	langid = {french},
	file = {Snapshot:C\:\\Users\\vinc\\Zotero\\storage\\67BSBEPP\\qui-sommes-nous.html:text/html},
}

@online{ouvdonpub,
	title = {L'ouverture des données publiques},
	url = {https://www.gouvernement.fr/action/l-ouverture-des-donnees-publiques},
	abstract = {La France porte une tradition de transparence démocratique et de partage des informations détenues par la puissance publique. Dans le droit fil de cette tradition, une politique ambitieuse a été engagée depuis deux ans, notamme...},
	titleaddon = {Gouvernement.fr},
	urldate = {2021-01-17},
	langid = {french},
	file = {Snapshot:C\:\\Users\\vinc\\Zotero\\storage\\24L9W5KK\\l-ouverture-des-donnees-publiques.html:text/html},
}

@online{gdrevit,
	title = {Generative Design in Revit now available},
	url = {https://blogs.autodesk.com/revit/2020/04/08/generative-design-in-revit/},
	abstract = {Use rules to create design options and explore data directly in Revit.},
	titleaddon = {Revit},
	urldate = {2021-01-17},
	date = {2020-04-08},
	langid = {english},
	note = {Section: What’s New},
	file = {Snapshot:C\:\\Users\\vinc\\Zotero\\storage\\JEWA972T\\generative-design-in-revit.html:text/html},
}

@online{viguier,
	title = {{VIGUIER} noue un partenariat avec {SPACEMAKER} {AI}},
	url = {https://www.viguier.com/fr/actualites/journal/viguier-noue-un-partenariat-avec-spacemaker-ai},
	abstract = {{VIGUIER} est une agence internationale d’architecture, d’urbanisme et de paysage basée à Paris.},
	urldate = {2021-01-17},
	langid = {french},
	file = {Snapshot:C\:\\Users\\vinc\\Zotero\\storage\\YYV258A4\\viguier-noue-un-partenariat-avec-spacemaker-ai.html:text/html},
}